<?xml version="1.0" encoding="UTF-8"?><collection xmlns="http://www.loc.gov/MARC21/slim"><record><leader>00330nam--2200121-i-4500</leader><controlfield tag="001">000022052</controlfield><controlfield tag="002">20161230</controlfield><controlfield tag="005">20161230201034</controlfield><controlfield tag="008">060222s1000------------r-----000-0-eng-d</controlfield><datafield ind1=" " ind2=" " tag="245"><subfield code="a">Industrial water treatment practice</subfield></datafield><datafield ind1=" " ind2=" " tag="260"><subfield code="a">Londoon, Butterworths, 1961. Xv + 514p</subfield></datafield><datafield ind1=" " ind2=" " tag="700"><subfield code="a">Hamer, P., J.Jackson And E.Thurston</subfield></datafield><datafield ind1=" " ind2=" " tag="852"><subfield code="a">17024</subfield></datafield></record></collection>